<?xml version="1.0" encoding="UTF-8"?><collection xmlns="http://www.loc.gov/MARC21/slim"><record><leader>00499nam--2200157-i-4500</leader><controlfield tag="001">000013068</controlfield><controlfield tag="002">20161230</controlfield><controlfield tag="005">20170220182648</controlfield><controlfield tag="008">060222s1000------------r-----000-0-eng-d</controlfield><datafield ind1=" " ind2=" " tag="100"><subfield code="a">Craiu, Mariana</subfield></datafield><datafield ind1=" " ind2=" " tag="245"><subfield code="a">Ecuatii diferentiale aplicative. Probleme la limita pentru ecuatii cu derivate partiale de tip parabolic</subfield></datafield><datafield ind1=" " ind2=" " tag="260"><subfield code="a">Bucuresti</subfield><subfield code="b">Editura Academiei Republicii Socialiste Romania</subfield><subfield code="c">1979</subfield></datafield><datafield ind1=" " ind2=" " tag="300"><subfield code="a">311 p</subfield></datafield><datafield ind1=" " ind2=" " tag="700"><subfield code="a">Rosculet, Marcel N</subfield></datafield><datafield ind1=" " ind2=" " tag="852"><subfield code="a">517.9</subfield></datafield><datafield ind1=" " ind2=" " tag="CAT"><subfield code="a">SYS</subfield><subfield code="c">20170220</subfield><subfield code="h">182648</subfield></datafield></record></collection>